
                      <marcx:collection>
                        <marcx:record format="danMARC2" type="Bibliographic">
                          <marcx:leader>000000000000000000000000</marcx:leader>
                          <marcx:datafield ind1="0" ind2="0" tag="001">
                            <marcx:subfield code="a">05997283</marcx:subfield>
                            <marcx:subfield code="b">870970</marcx:subfield>
                            <marcx:subfield code="c">20060214235423</marcx:subfield>
                            <marcx:subfield code="d">19831202</marcx:subfield>
                            <marcx:subfield code="f">a</marcx:subfield>
                          </marcx:datafield>
                          <marcx:datafield ind1="0" ind2="0" tag="002">
                            <marcx:subfield code="b">810010</marcx:subfield>
                            <marcx:subfield code="d">01090097</marcx:subfield>
                            <marcx:subfield code="x">81001001090097</marcx:subfield>
                          </marcx:datafield>
                          <marcx:datafield ind1="0" ind2="0" tag="004">
                            <marcx:subfield code="r">c</marcx:subfield>
                            <marcx:subfield code="a">e</marcx:subfield>
                          </marcx:datafield>
                          <marcx:datafield ind1="0" ind2="0" tag="008">
                            <marcx:subfield code="t">p</marcx:subfield>
                            <marcx:subfield code="u">c</marcx:subfield>
                            <marcx:subfield code="a">1983</marcx:subfield>
                            <marcx:subfield code="b">dk</marcx:subfield>
                            <marcx:subfield code="c">m</marcx:subfield>
                            <marcx:subfield code="h">p</marcx:subfield>
                            <marcx:subfield code="i">b</marcx:subfield>
                            <marcx:subfield code="l">dan</marcx:subfield>
                            <marcx:subfield code="v"/>
                          </marcx:datafield>
                          <marcx:datafield ind1="0" ind2="0" tag="009">
                            <marcx:subfield code="a">a</marcx:subfield>
                            <marcx:subfield code="g">xx</marcx:subfield>
                          </marcx:datafield>
                          <marcx:datafield ind1="0" ind2="0" tag="022">
                            <marcx:subfield code="a">0109-0097</marcx:subfield>
                            <marcx:subfield code="c">hf.</marcx:subfield>
                            <marcx:subfield code="d">enkelteksemplarer gratis</marcx:subfield>
                          </marcx:datafield>
                          <marcx:datafield ind1="0" ind2="0" tag="032">
                            <marcx:subfield code="a">DPF198351</marcx:subfield>
                            <marcx:subfield code="x">SFD199507</marcx:subfield>
                            <marcx:subfield code="x">OPR198351</marcx:subfield>
                            <marcx:subfield code="x">DAT200310</marcx:subfield>
                            <marcx:subfield code="x">DAT200449</marcx:subfield>
                            <marcx:subfield code="x">DAT200607</marcx:subfield>
                          </marcx:datafield>
                          <marcx:datafield ind1="0" ind2="0" tag="082">
                            <marcx:subfield code="a">780.730 948 9</marcx:subfield>
                          </marcx:datafield>
                          <marcx:datafield ind1="0" ind2="0" tag="210">
                            <marcx:subfield code="a">Gaffa</marcx:subfield>
                            <marcx:subfield code="b">Århus</marcx:subfield>
                          </marcx:datafield>
                          <marcx:datafield ind1="0" ind2="0" tag="222">
                            <marcx:subfield code="a">Gaffa</marcx:subfield>
                            <marcx:subfield code="b">Århus. Papirform</marcx:subfield>
                          </marcx:datafield>
                          <marcx:datafield ind1="0" ind2="0" tag="245">
                            <marcx:subfield code="a">Gaffa</marcx:subfield>
                            <marcx:subfield code="c">nyheder, features, interviews, anmeldelser, kalender</marcx:subfield>
                          </marcx:datafield>
                          <marcx:datafield ind1="0" ind2="0" tag="255">
                            <marcx:subfield code="a">Nr. 1 (sept. 1983)-</marcx:subfield>
                          </marcx:datafield>
                          <marcx:datafield ind1="0" ind2="0" tag="260">
                            <marcx:subfield code="a">Århus</marcx:subfield>
                            <marcx:subfield code="d">Møllegade 9-13, 8000 C</marcx:subfield>
                            <marcx:subfield code="b">Gaffa</marcx:subfield>
                            <marcx:subfield code="c">[1983]-</marcx:subfield>
                          </marcx:datafield>
                          <marcx:datafield ind1="0" ind2="0" tag="500">
                            <marcx:subfield code="a">Månedlig</marcx:subfield>
                          </marcx:datafield>
                          <marcx:datafield ind1="0" ind2="0" tag="505">
                            <marcx:subfield code="&amp;">1</marcx:subfield>
                            <marcx:subfield code="a">Tidsskrift</marcx:subfield>
                          </marcx:datafield>
                          <marcx:datafield ind1="0" ind2="0" tag="512">
                            <marcx:subfield code="a">Udkommer i medlemsudgave med særligt medlemsstof</marcx:subfield>
                          </marcx:datafield>
                          <marcx:datafield ind1="0" ind2="0" tag="512">
                            <marcx:subfield code="a">Til enkelte numre findes tillæg</marcx:subfield>
                          </marcx:datafield>
                          <marcx:datafield ind1="0" ind2="0" tag="512">
                            <marcx:subfield code="a">Undertitlen varierer</marcx:subfield>
                          </marcx:datafield>
                          <marcx:datafield ind1="0" ind2="0" tag="526">
                            <marcx:subfield code="a">Til nogle numre findes cd-rom</marcx:subfield>
                          </marcx:datafield>
                          <marcx:datafield ind1="0" ind2="0" tag="526">
                            <marcx:subfield code="i">Også på internettet</marcx:subfield>
                            <marcx:subfield code="t">Gaffa</marcx:subfield>
                          </marcx:datafield>
                          <marcx:datafield ind1="0" ind2="0" tag="539">
                            <marcx:subfield code="a">12, december 2005</marcx:subfield>
                          </marcx:datafield>
                          <marcx:datafield ind1="0" ind2="0" tag="652">
                            <marcx:subfield code="m">78</marcx:subfield>
                          </marcx:datafield>
                          <marcx:datafield ind1="0" ind2="0" tag="710">
                            <marcx:subfield code="a">Foreningen Musikmagasinet Gaffa</marcx:subfield>
                          </marcx:datafield>
                          <marcx:datafield ind1="0" ind2="0" tag="996">
                            <marcx:subfield code="a">810010</marcx:subfield>
                          </marcx:datafield>
                        </marcx:record>
                      </marcx:collection>
                      <os:identifier>870970-basis:05997283</os:identifier>
                      <os:creationDate>2005-03-01</os:creationDate>
                      <os:holdingsCount>1</os:holdingsCount>
                      <os:formatsAvailable>
                        <os:format>dkabm</os:format>
                        <os:format>marcxchange</os:format>
                      </os:formatsAvailable>
                    </os:object>
                  </os:relationObject>
                </os:relation>
              </os:relations>
              <os:formatsAvailable>
                <os:format>dkabm</os:format>
                <os:format>marcxchange</os:format>
              </os:formatsAvailable>
            </os:object>
         </os:collection>
      </ns1:originalData>
      <ns1:outputFormat>bibliotekdkFullDisplay</ns1:outputFormat>
    </ns1:formatRequest>
  </SOAP-ENV:Body>
</SOAP-ENV:Envelope>
